<record><leader>00000cas a2200000 a 4500</leader><controlfield tag="001">15546900</controlfield><controlfield tag="008">870417d19871989nyuwr ne      0    0eng d</controlfield><datafield ind1=" " ind2=" " tag="010"><subfield code="a">sn 88074248 </subfield></datafield><datafield ind1=" " ind2=" " tag="040"><subfield code="a">YQR</subfield><subfield code="b">eng</subfield><subfield code="c">YQR</subfield><subfield code="d">OCL</subfield><subfield code="d">NYS</subfield><subfield code="d">NYG</subfield><subfield code="d">NYS</subfield><subfield code="d">OCL</subfield><subfield code="d">OCLCQ</subfield></datafield><datafield ind1=" " ind2=" " tag="042"><subfield code="a">msc</subfield></datafield><datafield ind1="0" ind2=" " tag="130"><subfield code="a">Honeoye Falls weekly times (Honeoye Falls, N.Y. : 1987)</subfield></datafield><datafield ind1="1" ind2="0" tag="245"><subfield code="a">Honeoye Falls weekly times.</subfield></datafield><datafield ind1=" " ind2=" " tag="260"><subfield code="a">Honeoye Falls, N.Y. :</subfield><subfield code="b">Downtown Magazine,</subfield><subfield code="c">1987-1989.</subfield></datafield><datafield ind1=" " ind2=" " tag="300"><subfield code="a">v. :</subfield><subfield code="b">ill. ;</subfield><subfield code="c">44 cm.</subfield></datafield><datafield ind1=" " ind2=" " tag="310"><subfield code="a">Weekly</subfield></datafield><datafield ind1="0" ind2=" " tag="362"><subfield code="a">Vol. 104, no. 12 (Mar. 19, 1987)-v. 105, no. 47 (Jan. 12, 1989).</subfield></datafield><datafield ind1=" " ind2=" " tag="500"><subfield code="a">Published later in Livonia, N.Y.</subfield></datafield><datafield ind1=" " ind2=" " tag="580"><subfield code="a">Merged with: Honeoye Lake courier; Lima recorder; and Livonia gazette to form: Town &amp; country gazette.</subfield></datafield><datafield ind1=" " ind2="4" tag="651"><subfield code="a">Livonia (N.Y.)</subfield><subfield code="v">Newspapers.</subfield></datafield><datafield ind1=" " ind2="4" tag="651"><subfield code="a">Honeoye Falls (N.Y.)</subfield><subfield code="v">Newspapers.</subfield></datafield><datafield ind1=" " ind2=" " tag="752"><subfield code="a">United States</subfield><subfield code="b">New York</subfield><subfield code="c">Livingston</subfield><subfield code="d">Livonia.</subfield></datafield><datafield ind1=" " ind2=" " tag="752"><subfield code="a">United States</subfield><subfield code="b">New York</subfield><subfield code="c">Monroe</subfield><subfield code="d">Honeoye Falls.</subfield></datafield><datafield ind1="0" ind2="0" tag="780"><subfield code="t">Honeoye Falls times</subfield><subfield code="w">(DLC)sn 87070044</subfield><subfield code="w">(OCoLC)8684592</subfield></datafield><datafield ind1="1" ind2="7" tag="785"><subfield code="t">Honeoye Lake courier</subfield><subfield code="w">(DLC)sn 88074511</subfield></datafield><datafield ind1="1" ind2="7" tag="785"><subfield code="t">Lima recorder</subfield><subfield code="w">(DLC)sn 83031609</subfield></datafield><datafield ind1="1" ind2="7" tag="785"><subfield code="t">Livonia gazette</subfield><subfield code="w">(DLC)sn 85026747</subfield></datafield><datafield ind1="1" ind2="7" tag="785"><subfield code="t">Town &amp; country gazette</subfield><subfield code="w">(DLC)sn 89071071</subfield><subfield code="w">(OCoLC)19366232</subfield></datafield><datafield ind1="1" ind2=" " tag="029"><subfield code="a">AU@</subfield><subfield code="b">000020517261</subfield></datafield></record>